% Kernliteratur für Jupyter Notebooks Vortrag

% Computational Thinking - Grundlagenliteratur
@article{wing2006,
    author = {Wing, Jeannette M.},
    title = {Computational Thinking},
    journal = {Communications of the ACM},
    year = {2006},
    volume = {49},
    number = {3},
    pages = {33--35},
    doi = {10.1145/1118178.1118215}
}

% Jupyter in hybrid teaching
@article{barba2023,
    author = {Barba, Lorena A.},
    title = {Jupyter-first—Hybrid and online  teaching},
    journal = {Keynote for the PyData Paris meet-up focused on Jupyter in Education},
    year = {2023},
    doi = {https://doi.org/10.6084/m9.figshare.21961607}
}

% Jupyter Notebooks - Original-Publikation
@inproceedings{kluyver2016,
    author = {Kluyver, Thomas and Ragan-Kelley, Benjamin and P{\'e}rez, Fernando and Granger, Brian and Bussonnier, Matthias and Frederic, Jonathan and Kelley, Kyle and Hamrick, Jessica and Grout, Jason and Corlay, Sylvain and others},
    title = {Jupyter Notebooks -- a Publishing Format for Reproducible Computational Workflows},
    booktitle = {Positioning and Power in Academic Publishing: Players, Agents and Agendas},
    year = {2016},
    pages = {87--90},
    editor = {Loizides, Fernando and Schmidt, Birgit},
    publisher = {IOS Press}
}

% Learner-Centered Teaching
@book{weimer2013,
    author = {Weimer, Maryellen},
    title = {Learner-Centered Teaching: Five Key Changes to Practice},
    publisher = {Jossey-Bass},
    year = {2013},
    edition = {2nd},
    address = {San Francisco}
}

% Learning by Doing / Constructionism
@book{papert1980,
    author = {Papert, Seymour},
    title = {Mindstorms: Children, Computers, and Powerful Ideas},
    publisher = {Basic Books},
    year = {1980},
    address = {New York}
}

% Data Literacy Definition
@techreport{ridsdale2015,
    author = {Ridsdale, Chantel and Rothwell, James and Smit, Mike and Ali-Hassan, Hossam and Bliemel, Michael and Irvine, Dean and Kelley, Daniel and Matwin, Stan and Wuetherick, Brad},
    title = {Strategies and Best Practices for Data Literacy Education},
    institution = {Dalhousie University},
    year = {2015},
    url = {https://www.researchgate.net/publication/284696564}
}

% Zone of Proximal Development / Scaffolding
@book{vygotsky1978,
    author = {Vygotsky, Lev S.},
    title = {Mind in Society: The Development of Higher Psychological Processes},
    publisher = {Harvard University Press},
    year = {1978},
    editor = {Cole, Michael and John-Steiner, Vera and Scribner, Sylvia and Souberman, Ellen},
    address = {Cambridge, MA}
}

% Digitale Transformation in der Bildung
@book{siemens2013,
    author = {Siemens, George and Gašević, Dragan and Dawson, Shane},
    title = {Preparing for the Digital University: A Review of the History and Current State of Distance, Blended, and Online Learning},
    publisher = {Athabasca University Press},
    year = {2013},
    address = {Edmonton}
}

% Authentic Learning Contexts
@article{herrington2010,
    author = {Herrington, Jan and Reeves, Thomas C. and Oliver, Ron},
    title = {A Guide to Authentic e-Learning},
    journal = {Educational Technology Research and Development},
    year = {2010},
    volume = {58},
    number = {4},
    pages = {502--515},
    doi = {10.1007/s11423-010-9151-8}
}

% Design-Based Research in Education
@book{reinmann2014,
    author = {Reinmann, Gabi},
    title = {Welchen Stellenwert hat die Entwicklung im Kontext von Design Research? Wie wird Entwicklung zu einem wissenschaftlichen Akt?},
    publisher = {Universität Hamburg},
    year = {2014},
    series = {Hamburger eLearning-Magazin},
    number = {13}
}

% Active Learning
@article{freeman2014,
    author = {Freeman, Scott and Eddy, Sarah L. and McDonough, Miles and Smith, Michelle K. and Okoroafor, Nnadozie and Jordt, Hannah and Wenderoth, Mary Pat},
    title = {Active Learning Increases Student Performance in Science, Engineering, and Mathematics},
    journal = {Proceedings of the National Academy of Sciences},
    year = {2014},
    volume = {111},
    number = {23},
    pages = {8410--8415},
    doi = {10.1073/pnas.1319030111}
}

% Technology Enhanced Learning
@book{laurillard2012,
    author = {Laurillard, Diana},
    title = {Teaching as a Design Science: Building Pedagogical Patterns for Learning and Technology},
    publisher = {Routledge},
    year = {2012},
    address = {New York}
}
